<collection xmlns="http://www.loc.gov/MARC21/slim">
<record>
  <leader>01087nam0a2200229 i 450 </leader>
  <controlfield tag="001">IT\ICCU\CNCE\026110</controlfield>
  <controlfield tag="005">20131022000000.0</controlfield>
  <datafield tag="012" ind1=" " ind2=" ">
    <subfield code="a">i.a. e.t. o.to i-me (S) 1591 (Q)</subfield>
    <subfield code="2">fei</subfield>
  </datafield>
  <datafield tag="100" ind1=" " ind2=" ">
    <subfield code="a">19971008f1591        0itac0103    ba</subfield>
  </datafield>
  <datafield tag="101" ind1=" " ind2=" ">
    <subfield code="a">ITA</subfield>
  </datafield>
  <datafield tag="102" ind1=" " ind2=" ">
    <subfield code="a">IT</subfield>
  </datafield>
  <datafield tag="200" ind1="1" ind2=" ">
    <subfield code="a">℗Il ℗magistrato generale di s.a. ser.ma sopra l&apos;abbondanza</subfield>
  </datafield>
  <datafield tag="210" ind1=" " ind2=" ">
    <subfield code="a">In Vercelli</subfield>
    <subfield code="c">per Francesco Bonati</subfield>
    <subfield code="d">\1591?!</subfield>
  </datafield>
  <datafield tag="215" ind1=" " ind2=" ">
    <subfield code="a">1 manifesto</subfield>
    <subfield code="d">1/4</subfield>
  </datafield>
  <datafield tag="300" ind1=" " ind2=" ">
    <subfield code="a">Autorizzazione concessa ai sudditi del marchese di Masserano ad acquistare settecento sacchi di granaglie nello Stato sabaudo. - Incipit: Ad ogn&apos;vno sia manifesto che veduto l&apos;ordine nostro che li tre transonto rifferiti ... - Data di emanazione: Torino,18 dicembre 1591</subfield>
  </datafield>
  <datafield tag="620" ind1=" " ind2=" ">
    <subfield code="a">IT</subfield>
    <subfield code="d">Vercelli</subfield>
  </datafield>
  <datafield tag="710" ind1="0" ind2="2">
    <subfield code="a">Savoia</subfield>
    <subfield code="c"> &lt;Ducato&gt;</subfield>
    <subfield code="3">8866</subfield>
  </datafield>
  <datafield tag="712" ind1="0" ind2="2">
    <subfield code="a">Savoia</subfield>
    <subfield code="c"> &lt;Ducato&gt;</subfield>
    <subfield code="b"> : Magistrato generale sopra l&apos;abbondanza</subfield>
    <subfield code="3">IT\ICCU\CNCA\007999</subfield>
  </datafield>
  <datafield tag="712" ind1="0" ind2="0">
    <subfield code="a">Bonati, Francesco</subfield>
    <subfield code="3">IT\ICCU\CNCT\000685</subfield>
    <subfield code="4">650</subfield>
  </datafield>
  <datafield tag="791" ind1="0" ind2="0">
    <subfield code="a">Bonatus, Franciscus</subfield>
    <subfield code="3">IT\ICCU\CNCT\004442</subfield>
    <subfield code="z">Bonati, Francesco</subfield>
  </datafield>
  <datafield tag="801" ind1=" " ind2="3">
    <subfield code="a">IT</subfield>
    <subfield code="b">ICCU</subfield>
    <subfield code="c">20201114</subfield>
  </datafield>
  <datafield tag="899" ind1=" " ind2=" ">
    <subfield code="a">Biblioteca civica. Vercelli</subfield>
    <subfield code="1">VC0073</subfield>
    <subfield code="2">TO0 A2</subfield>
  </datafield>
</record>
</collection>
